<collection xmlns="http://www.loc.gov/MARC21/slim">
<record>
  <leader>01102nam0a22002651i 450 </leader>
  <controlfield tag="001">IT\ICCU\CNCE\071487</controlfield>
  <controlfield tag="005">20140410000000.0</controlfield>
  <datafield tag="012" ind1=" " ind2=" ">
    <subfield code="a">o.no o.so o,i, i,no (C) 1598 (A)</subfield>
    <subfield code="2">fei</subfield>
  </datafield>
  <datafield tag="100" ind1=" " ind2=" ">
    <subfield code="a">20070731d1598        0itac0103    ba</subfield>
  </datafield>
  <datafield tag="101" ind1=" " ind2=" ">
    <subfield code="a">ITA</subfield>
  </datafield>
  <datafield tag="102" ind1=" " ind2=" ">
    <subfield code="a">IT</subfield>
  </datafield>
  <datafield tag="200" ind1="1" ind2=" ">
    <subfield code="a">Canzone del Solingo della venuta di Sua Santit ̉a Pesaro</subfield>
  </datafield>
  <datafield tag="210" ind1=" " ind2=" ">
    <subfield code="a">In Fano</subfield>
    <subfield code="c">appresso Antonio Braida</subfield>
    <subfield code="d">1598</subfield>
  </datafield>
  <datafield tag="215" ind1=" " ind2=" ">
    <subfield code="a">\8! c.</subfield>
    <subfield code="d">8ʻ</subfield>
  </datafield>
  <datafield tag="620" ind1=" " ind2=" ">
    <subfield code="a">IT</subfield>
    <subfield code="d">Fano</subfield>
  </datafield>
  <datafield tag="700" ind1=" " ind2="1">
    <subfield code="a">Solingo,</subfield>
    <subfield code="b">Baldantonio</subfield>
    <subfield code="3">IT\ICCU\CNCA\007298</subfield>
  </datafield>
  <datafield tag="712" ind1="0" ind2="0">
    <subfield code="a">Braida, Antonio</subfield>
    <subfield code="3">IT\ICCU\CNCT\001287</subfield>
    <subfield code="4">650</subfield>
  </datafield>
  <datafield tag="790" ind1=" " ind2="1">
    <subfield code="a">Baldantonio,</subfield>
    <subfield code="b">Pietro</subfield>
    <subfield code="3">IT\ICCU\CNCA\007673</subfield>
    <subfield code="z">Solingo, Baldantonio</subfield>
  </datafield>
  <datafield tag="790" ind1=" " ind2="1">
    <subfield code="a">Durantino,</subfield>
    <subfield code="b">Solingo</subfield>
    <subfield code="3">IT\ICCU\CNCA\016124</subfield>
    <subfield code="z">Solingo, Baldantonio</subfield>
  </datafield>
  <datafield tag="790" ind1=" " ind2="0">
    <subfield code="a">Solingo Durantino</subfield>
    <subfield code="3">IT\ICCU\CNCA\019432</subfield>
    <subfield code="z">Solingo, Baldantonio</subfield>
  </datafield>
  <datafield tag="801" ind1=" " ind2="3">
    <subfield code="a">IT</subfield>
    <subfield code="b">ICCU</subfield>
    <subfield code="c">20201115</subfield>
  </datafield>
  <datafield tag="899" ind1=" " ind2=" ">
    <subfield code="a">Biblioteca Oliveriana. Pesaro</subfield>
    <subfield code="1">PU0061</subfield>
    <subfield code="2">URB OL</subfield>
  </datafield>
  <datafield tag="899" ind1=" " ind2=" ">
    <subfield code="a">Biblioteca Angelica. Roma</subfield>
    <subfield code="1">RM0290</subfield>
    <subfield code="2">RML 06</subfield>
  </datafield>
  <datafield tag="911" ind1=" " ind2=" ">
    <subfield code="a">Sul front.</subfield>
    <subfield code="9">IT\ICCU\CNCM\002502</subfield>
  </datafield>
  <datafield tag="921" ind1=" " ind2=" ">
    <subfield code="a">IT\ICCU\CNCM\002502</subfield>
    <subfield code="b">Idra con sette teste, di cui una mozzata. In cornice figurata.</subfield>
    <subfield code="e">Supremo fine</subfield>
    <subfield code="c">U1020</subfield>
    <subfield code="f">IDRA</subfield>
    <subfield code="g">1598</subfield>
  </datafield>
</record>
</collection>
